@inproceedings{ChakrabartyGK16,
  author    = {Deeparnab Chakrabarty and
               Prachi Goyal and
               Ravishankar Krishnaswamy},
  title     = {The Non-Uniform k-Center Problem},
  booktitle = {43rd International Colloquium on Automata, Languages, and Programming,
               {ICALP} 2016, July 11-15, 2016, Rome, Italy},
  pages     = {67:1--67:15},
  linkpdf = {pdf},
  year      = {2016},
  crossref  = {DBLP:conf/icalp/2016},
  url       = {http://dx.doi.org/10.4230/LIPIcs.ICALP.2016.67},
  doi       = {10.4230/LIPIcs.ICALP.2016.67},
  timestamp = {Tue, 30 Aug 2016 15:33:07 +0200},
  biburl    = {http://dblp.uni-trier.de/rec/bib/conf/icalp/ChakrabartyGK16},
  bibsource = {dblp computer science bibliography, http://dblp.org}
}

@inproceedings{ChakrabartyKK17,
  author    = {Deeparnab Chakrabarty and
                            Ravishankar Krishnaswamy and Amit Kumar},
  title     = {The Heterogeneous Capacitated k-Center Problem},
  booktitle = {19th conference on Integer Programming and Combinatorial Optimization {IPCO} 2017, June 26-28, 2017},
  year      = {2017},
}

@inproceedings{RaghunathanJK17,
  author    = {Aditi Raghunathan and
                            Prateek jain and Ravishankar Krishnaswamy},
  title     = {Learning Mixtures of Gaussians with Streaming Data},
  booktitle = {31st Annual Conference on Neural Information Processing Systems (NIPS 2017)},
  year      = {2017},
}



@inproceedings{GuptaKKP17,
  author    = {Anupam Gupta and 
                            Ravishankar Krishnaswamy and Amit Kumar and Debmalya Panigrahi},
  title     = {Online and Dynamic Algorithms for Set Cover},
  booktitle = {49th Symposium on Theory of Computing, {STOC} 2017,
               June 19-23, 2017},
  year      = {2017},
}



@inproceedings{AwasthiCKS16,
  author    = {Pranjal Awasthi and
               Moses Charikar and
               Ravishankar Krishnaswamy and
               Ali Kemal Sinop},
  title     = {Spectral Embedding of k-Cliques, Graph Partitioning and k-Means},
  booktitle = {Proceedings of the 2016 {ACM} Conference on Innovations in Theoretical
               Computer Science, Cambridge, MA, USA, January 14-16, 2016},
  pages     = {301--310},
  year      = {2016},
  linkpdf = {pdf},
  crossref  = {DBLP:conf/innovations/2016},
  url       = {http://doi.acm.org/10.1145/2840728.2840751},
  doi       = {10.1145/2840728.2840751},
  timestamp = {Mon, 18 Jan 2016 19:44:01 +0100},
  biburl    = {http://dblp.uni-trier.de/rec/bib/conf/innovations/AwasthiCKS16},
  bibsource = {dblp computer science bibliography, http://dblp.org}
}

@incollection{Krishnaswamy16,
  author    = {Ravishankar Krishnaswamy},
  title     = {Broadcast Scheduling - Minimizing Average Response Time},
  booktitle = {Encyclopedia of Algorithms},
  pages     = {237--240},
  year      = {2016},
  linkpdf = {pdf},
  url       = {http://dx.doi.org/10.1007/978-1-4939-2864-4_538},
  doi       = {10.1007/978-1-4939-2864-4_538},
  timestamp = {Thu, 28 Apr 2016 01:00:00 +0200},
  biburl    = {http://dblp.uni-trier.de/rec/bib/reference/algo/Krishnaswamy16},
  bibsource = {dblp computer science bibliography, http://dblp.org}
}

@article{GuptaKNR15,
  author    = {Anupam Gupta and
               Ravishankar Krishnaswamy and
               Viswanath Nagarajan and
               R. Ravi},
  title     = {Running Errands in Time: Approximation Algorithms for Stochastic Orienteering},
  journal   = {Math. Oper. Res.},
  volume    = {40},
  number    = {1},
  pages     = {56--79},
  year      = {2015},
  url       = {http://dx.doi.org/10.1287/moor.2014.0656},
  doi       = {10.1287/moor.2014.0656},
  timestamp = {Mon, 31 Aug 2015 01:00:00 +0200},
  biburl    = {http://dblp.uni-trier.de/rec/bib/journals/mor/GuptaKNR15},
  bibsource = {dblp computer science bibliography, http://dblp.org}
}

@article{Krishnaswamy0NS15,
  author    = {Ravishankar Krishnaswamy and
               Amit Kumar and
               Viswanath Nagarajan and
               Yogish Sabharwal and
               Barna Saha},
  title     = {Facility Location with Matroid or Knapsack Constraints},
  journal   = {Math. Oper. Res.},
  volume    = {40},
  number    = {2},
  pages     = {446--459},
  year      = {2015},
  url       = {http://dx.doi.org/10.1287/moor.2014.0678},
  doi       = {10.1287/moor.2014.0678},
  timestamp = {Tue, 24 Mar 2015 00:00:00 +0100},
  biburl    = {http://dblp.uni-trier.de/rec/bib/journals/mor/Krishnaswamy0NS15},
  bibsource = {dblp computer science bibliography, http://dblp.org}
}

@inproceedings{BansalGKPSS15,
  author    = {Nikhil Bansal and
               Anupam Gupta and
               Ravishankar Krishnaswamy and
               Kirk Pruhs and
               Kevin Schewior and
               Clifford Stein},
  title     = {A 2-Competitive Algorithm For Online Convex Optimization With Switching
               Costs},
  booktitle = {{APPROX/RANDOM} 2015, August 24-26, 2015, Princeton,
               NJ, {USA}},
  pages     = {96--109},
  year      = {2015},
  crossref  = {DBLP:conf/approx/2015},
  url       = {http://dx.doi.org/10.4230/LIPIcs.APPROX-RANDOM.2015.96},
  doi       = {10.4230/LIPIcs.APPROX-RANDOM.2015.96},
  timestamp = {Wed, 19 Aug 2015 14:11:56 +0200},
  biburl    = {http://dblp.uni-trier.de/rec/bib/conf/approx/BansalGKPSS15},
  bibsource = {dblp computer science bibliography, http://dblp.org}
}

@inproceedings{AwasthiCKS15,
  author    = {Pranjal Awasthi and
               Moses Charikar and
               Ravishankar Krishnaswamy and
               Ali Kemal Sinop},
  title     = {The Hardness of Approximation of Euclidean k-Means},
  booktitle = {31st International Symposium on Computational Geometry, SoCG 2015,
               June 22-25, 2015, Eindhoven, The Netherlands},
  pages     = {754--767},
  year      = {2015},
  linkpdf = {pdf},
  crossref  = {DBLP:conf/compgeom/2015},
  url       = {http://dx.doi.org/10.4230/LIPIcs.SOCG.2015.754},
  doi       = {10.4230/LIPIcs.SOCG.2015.754},
  timestamp = {Mon, 15 Jun 2015 17:00:25 +0200},
  biburl    = {http://dblp.uni-trier.de/rec/bib/conf/compgeom/AwasthiCKS15},
  bibsource = {dblp computer science bibliography, http://dblp.org}
}

@inproceedings{EneCKP15,
  author    = {Alina Ene and
               Deeparnab Chakrabarty and
               Ravishankar Krishnaswamy and
               Debmalya Panigrahi},
  title     = {Online Buy-at-Bulk Network Design},
  booktitle = {{IEEE} 56th Annual Symposium on Foundations of Computer Science, {FOCS}
               2015, Berkeley, CA, USA, 17-20 October, 2015},
  pages     = {545--562},
  year      = {2015},
  linkpdf = {pdf},
  crossref  = {DBLP:conf/focs/2015},
  url       = {http://dx.doi.org/10.1109/FOCS.2015.40},
  doi       = {10.1109/FOCS.2015.40},
  timestamp = {Mon, 04 Jan 2016 11:39:48 +0100},
  biburl    = {http://dblp.uni-trier.de/rec/bib/conf/focs/EneCKP15},
  bibsource = {dblp computer science bibliography, http://dblp.org}
}

@inproceedings{AwasthiBCKVW15,
  author    = {Pranjal Awasthi and
               Afonso S. Bandeira and
               Moses Charikar and
               Ravishankar Krishnaswamy and
               Soledad Villar and
               Rachel Ward},
  title     = {Relax, No Need to Round: Integrality of Clustering Formulations},
  booktitle = {Proceedings of the 2015 Conference on Innovations in Theoretical Computer
               Science, {ITCS} 2015, Rehovot, Israel, January 11-13, 2015},
  pages     = {191--200},
  year      = {2015},
  crossref  = {DBLP:conf/innovations/2015},
  url       = {http://doi.acm.org/10.1145/2688073.2688116},
  doi       = {10.1145/2688073.2688116},
  timestamp = {Sun, 25 Jan 2015 11:29:31 +0100},
  biburl    = {http://dblp.uni-trier.de/rec/bib/conf/innovations/AwasthiBCKVW15},
  bibsource = {dblp computer science bibliography, http://dblp.org}
}


@article{BansalKN14,
  author    = {Nikhil Bansal and
               Ravishankar Krishnaswamy and
               Viswanath Nagarajan},
  title     = {Better Scalable Algorithms for Broadcast Scheduling},
  journal   = {{ACM} Trans. Algorithms},
  volume    = {11},
  number    = {1},
  pages     = {3:1--3:24},
  year      = {2014},
  url       = {http://doi.acm.org/10.1145/2636916},
  doi       = {10.1145/2636916},
  timestamp = {Wed, 09 Mar 2016 00:00:00 +0100},
  biburl    = {http://dblp.uni-trier.de/rec/bib/journals/talg/BansalKN14},
  bibsource = {dblp computer science bibliography, http://dblp.org}
}

@inproceedings{BansalCKL14,
  author    = {Nikhil Bansal and
               Moses Charikar and
               Ravishankar Krishnaswamy and
               Shi Li},
  title     = {Better Algorithms and Hardness for Broadcast Scheduling via a Discrepancy
               Approach},
  booktitle = {Proceedings of the Twenty-Fifth Annual {ACM-SIAM} Symposium on Discrete
               Algorithms, {SODA} 2014, Portland, Oregon, USA, January 5-7, 2014},
  pages     = {55--71},
  year      = {2014},
  linkpdf = {pdf},
  crossref  = {DBLP:conf/soda/2014},
  url       = {http://dx.doi.org/10.1137/1.9781611973402.5},
  doi       = {10.1137/1.9781611973402.5},
  timestamp = {Wed, 12 Feb 2014 20:25:31 +0100},
  biburl    = {http://dblp.uni-trier.de/rec/bib/conf/soda/BansalCKL14},
  bibsource = {dblp computer science bibliography, http://dblp.org}
}

@inproceedings{AntoniadisIKMNPS14,
  author    = {Antonios Antoniadis and
               Sungjin Im and
               Ravishankar Krishnaswamy and
               Benjamin Moseley and
               Viswanath Nagarajan and
               Kirk Pruhs and
               Cliff Stein},
  title     = {Hallucination Helps: Energy Efficient Virtual Circuit Routing},
  booktitle = {Proceedings of the Twenty-Fifth Annual {ACM-SIAM} Symposium on Discrete
               Algorithms, {SODA} 2014, Portland, Oregon, USA, January 5-7, 2014},
  pages     = {1141--1153},
  year      = {2014},
  linkpdf = {pdf},
  crossref  = {DBLP:conf/soda/2014},
  url       = {http://dx.doi.org/10.1137/1.9781611973402.84},
  doi       = {10.1137/1.9781611973402.84},
  timestamp = {Wed, 12 Feb 2014 20:25:31 +0100},
  biburl    = {http://dblp.uni-trier.de/rec/bib/conf/soda/AntoniadisIKMNPS14},
  bibsource = {dblp computer science bibliography, http://dblp.org}
}

@inproceedings{KrishnaswamyNPS14,
  author    = {Ravishankar Krishnaswamy and
               Viswanath Nagarajan and
               Kirk Pruhs and
               Cliff Stein},
  title     = {Cluster before you hallucinate: approximating node-capacitated network
               design and energy efficient routing},
  booktitle = {Symposium on Theory of Computing, {STOC} 2014, New York, NY, USA,
               May 31 - June 03, 2014},
  pages     = {734--743},
  year      = {2014},
  linkpdf = {pdf},
  crossref  = {DBLP:conf/stoc/2014},
  url       = {http://doi.acm.org/10.1145/2591796.2591831},
  doi       = {10.1145/2591796.2591831},
  timestamp = {Wed, 18 Jun 2014 08:38:28 +0200},
  biburl    = {http://dblp.uni-trier.de/rec/bib/conf/stoc/KrishnaswamyNPS14},
  bibsource = {dblp computer science bibliography, http://dblp.org}
}



@inproceedings{ChakrabartyKLN13,
  author    = {Deeparnab Chakrabarty and
               Ravishankar Krishnaswamy and
               Shi Li and
               Srivatsan Narayanan},
  title     = {Capacitated Network Design on Undirected Graphs},
  booktitle = {16th International Workshop, {APPROX} 2013, and 17th
               International Workshop, {RANDOM} 2013, Berkeley, CA, USA, August 21-23,
               2013. Proceedings},
  pages     = {71--80},
  year      = {2013},
  linkpdf = {pdf},
  crossref  = {DBLP:conf/approx/2013},
  url       = {http://dx.doi.org/10.1007/978-3-642-40328-6_6},
  doi       = {10.1007/978-3-642-40328-6_6},
  timestamp = {Wed, 21 Aug 2013 15:21:04 +0200},
  biburl    = {http://dblp.uni-trier.de/rec/bib/conf/approx/ChakrabartyKLN13},
  bibsource = {dblp computer science bibliography, http://dblp.org}
}

@inproceedings{BhaskaraKTW13,
  author    = {Aditya Bhaskara and
               Ravishankar Krishnaswamy and
               Kunal Talwar and
               Udi Wieder},
  title     = {Minimum Makespan Scheduling with Low Rank Processing Times},
  booktitle = {Proceedings of the Twenty-Fourth Annual {ACM-SIAM} Symposium on Discrete
               Algorithms, {SODA} 2013, New Orleans, Louisiana, USA, January 6-8,
               2013},
  pages     = {937--947},
  year      = {2013},
  crossref  = {DBLP:conf/soda/2013},
  url       = {http://dx.doi.org/10.1137/1.9781611973105.67},
  doi       = {10.1137/1.9781611973105.67},
  timestamp = {Wed, 12 Feb 2014 17:08:16 +0100},
  biburl    = {http://dblp.uni-trier.de/rec/bib/conf/soda/BhaskaraKTW13},
  bibsource = {dblp computer science bibliography, http://dblp.org}
}

@article{GuptaKR12,
  author    = {Anupam Gupta and
               Ravishankar Krishnaswamy and
               R. Ravi},
  title     = {Online and Stochastic Survivable Network Design},
  journal   = {{SIAM} J. Comput.},
  volume    = {41},
  number    = {6},
  pages     = {1649--1672},
  year      = {2012},
  url       = {http://dx.doi.org/10.1137/09076725X},
  doi       = {10.1137/09076725X},
  timestamp = {Mon, 31 Aug 2015 01:00:00 +0200},
  biburl    = {http://dblp.uni-trier.de/rec/bib/journals/siamcomp/GuptaKR12},
  bibsource = {dblp computer science bibliography, http://dblp.org}
}

@inproceedings{BansalGKNPS12,
  author    = {Nikhil Bansal and
               Anupam Gupta and
               Ravishankar Krishnaswamy and
               Viswanath Nagarajan and
               Kirk Pruhs and
               Cliff Stein},
  title     = {Multicast Routing for Energy Minimization Using Speed Scaling},
  booktitle = {Design and Analysis of Algorithms - First Mediterranean Conference
               on Algorithms, MedAlg 2012, Kibbutz Ein Gedi, Israel, December 3-5,
               2012. Proceedings},
  pages     = {37--51},
  year      = {2012},
  crossref  = {DBLP:conf/medalg/2012},
  url       = {http://dx.doi.org/10.1007/978-3-642-34862-4_3},
  doi       = {10.1007/978-3-642-34862-4_3},
  timestamp = {Tue, 27 Nov 2012 13:47:50 +0100},
  biburl    = {http://dblp.uni-trier.de/rec/bib/conf/medalg/BansalGKNPS12},
  bibsource = {dblp computer science bibliography, http://dblp.org}
}

@inproceedings{KrishnaswamyS12,
  author    = {Ravishankar Krishnaswamy and
               Maxim Sviridenko},
  title     = {Inapproximability of the multi-level uncapacitated facility location
               problem},
  booktitle = {Proceedings of the Twenty-Third Annual {ACM-SIAM} Symposium on Discrete
               Algorithms, {SODA} 2012, Kyoto, Japan, January 17-19, 2012},
  pages     = {718--734},
  year      = {2012},
  crossref  = {DBLP:conf/soda/2012},
  url       = {http://portal.acm.org/citation.cfm?id=2095175&#38;CFID=63838676&#38;CFTOKEN=79617016},
  timestamp = {Wed, 12 Feb 2014 17:08:16 +0100},
  biburl    = {http://dblp.uni-trier.de/rec/bib/conf/soda/KrishnaswamyS12},
  bibsource = {dblp computer science bibliography, http://dblp.org}
}

@inproceedings{GuptaIKMP12,
  author    = {Anupam Gupta and
               Sungjin Im and
               Ravishankar Krishnaswamy and
               Benjamin Moseley and
               Kirk Pruhs},
  title     = {Scheduling heterogeneous processors isn't as easy as you think},
  booktitle = {Proceedings of the Twenty-Third Annual {ACM-SIAM} Symposium on Discrete
               Algorithms, {SODA} 2012, Kyoto, Japan, January 17-19, 2012},
  pages     = {1242--1253},
  year      = {2012},
  crossref  = {DBLP:conf/soda/2012},
  url       = {http://portal.acm.org/citation.cfm?id=2095214&#38;CFID=63838676&#38;CFTOKEN=79617016},
  timestamp = {Wed, 12 Feb 2014 17:08:16 +0100},
  biburl    = {http://dblp.uni-trier.de/rec/bib/conf/soda/GuptaIKMP12},
  bibsource = {dblp computer science bibliography, http://dblp.org}
}

@inproceedings{GuptaKNR12,
  author    = {Anupam Gupta and
               Ravishankar Krishnaswamy and
               Viswanath Nagarajan and
               R. Ravi},
  title     = {Approximation algorithms for stochastic orienteering},
  booktitle = {Proceedings of the Twenty-Third Annual {ACM-SIAM} Symposium on Discrete
               Algorithms, {SODA} 2012, Kyoto, Japan, January 17-19, 2012},
  pages     = {1522--1538},
  year      = {2012},
  linkpdf = {pdf},
  crossref  = {DBLP:conf/soda/2012},
  url       = {http://portal.acm.org/citation.cfm?id=2095237&#38;CFID=63838676&#38;CFTOKEN=79617016},
  timestamp = {Mon, 31 Aug 2015 01:00:00 +0200},
  biburl    = {http://dblp.uni-trier.de/rec/bib/conf/soda/GuptaKNR12},
  bibsource = {dblp computer science bibliography, http://dblp.org}
}

@inproceedings{BhaskaraDKT12,
  author    = {Aditya Bhaskara and
               Daniel Dadush and
               Ravishankar Krishnaswamy and
               Kunal Talwar},
  title     = {Unconditional differentially private mechanisms for linear queries},
  booktitle = {Proceedings of the 44th Symposium on Theory of Computing Conference,
               {STOC} 2012, New York, NY, USA, May 19 - 22, 2012},
  pages     = {1269--1284},
  year      = {2012},
  linkpdf = {pdf},
  crossref  = {DBLP:conf/stoc/2012},
  url       = {http://doi.acm.org/10.1145/2213977.2214089},
  doi       = {10.1145/2213977.2214089},
  timestamp = {Tue, 22 May 2012 21:36:43 +0200},
  biburl    = {http://dblp.uni-trier.de/rec/bib/conf/stoc/BhaskaraDKT12},
  bibsource = {dblp computer science bibliography, http://dblp.org}
}

@inproceedings{GuptaKP12,
  author    = {Anupam Gupta and
               Ravishankar Krishnaswamy and
               Kirk Pruhs},
  title     = {Online Primal-Dual for Non-linear Optimization with Applications to
               Speed Scaling},
  booktitle = {Approximation and Online Algorithms - 10th International Workshop,
               {WAOA} 2012, Ljubljana, Slovenia, September 13-14, 2012, Revised Selected
               Papers},
  pages     = {173--186},
  year      = {2012},
  linkpdf = {pdf},
  crossref  = {DBLP:conf/waoa/2012},
  url       = {http://dx.doi.org/10.1007/978-3-642-38016-7_15},
  doi       = {10.1007/978-3-642-38016-7_15},
  timestamp = {Tue, 28 May 2013 14:23:05 +0200},
  biburl    = {http://dblp.uni-trier.de/rec/bib/conf/waoa/GuptaKP12},
  bibsource = {dblp computer science bibliography, http://dblp.org}
}

@inproceedings{BansalKS11,
  author    = {Nikhil Bansal and
               Ravishankar Krishnaswamy and
               Barna Saha},
  title     = {On Capacitated Set Cover Problems},
  booktitle = {14th International Workshop, {APPROX} 2011, and 15th
               International Workshop, {RANDOM} 2011, Princeton, NJ, USA, August
               17-19, 2011. Proceedings},
  pages     = {38--49},
  year      = {2011},
  linkpdf = {pdf},
  crossref  = {DBLP:conf/approx/2011},
  url       = {http://dx.doi.org/10.1007/978-3-642-22935-0_4},
  doi       = {10.1007/978-3-642-22935-0_4},
  timestamp = {Mon, 31 Aug 2015 13:35:05 +0200},
  biburl    = {http://dblp.uni-trier.de/rec/bib/conf/approx/BansalKS11},
  bibsource = {dblp computer science bibliography, http://dblp.org}
}

@inproceedings{GuptaKMR11,
  author    = {Anupam Gupta and
               Ravishankar Krishnaswamy and
               Marco Molinaro and
               R. Ravi},
  title     = {Approximation Algorithms for Correlated Knapsacks and Non-martingale
               Bandits},
  booktitle = {{IEEE} 52nd Annual Symposium on Foundations of Computer Science, {FOCS}
               2011, Palm Springs, CA, USA, October 22-25, 2011},
  pages     = {827--836},
  year      = {2011},
  linkpdf = {pdf},
  crossref  = {DBLP:conf/focs/2011},
  url       = {http://dx.doi.org/10.1109/FOCS.2011.48},
  doi       = {10.1109/FOCS.2011.48},
  timestamp = {Mon, 31 Aug 2015 01:00:00 +0200},
  biburl    = {http://dblp.uni-trier.de/rec/bib/conf/focs/GuptaKMR11},
  bibsource = {dblp computer science bibliography, http://dblp.org}
}

@inproceedings{KrishnaswamyKNSS11,
  author    = {Ravishankar Krishnaswamy and
               Amit Kumar and
               Viswanath Nagarajan and
               Yogish Sabharwal and
               Barna Saha},
  title     = {The Matroid Median Problem},
  booktitle = {Proceedings of the Twenty-Second Annual {ACM-SIAM} Symposium on Discrete
               Algorithms, {SODA} 2011, San Francisco, California, USA, January 23-25,
               2011},
  pages     = {1117--1130},
  year      = {2011},
  linkpdf = {pdf},
  crossref  = {DBLP:conf/soda/2011},
  url       = {http://dx.doi.org/10.1137/1.9781611973082.84},
  doi       = {10.1137/1.9781611973082.84},
  timestamp = {Wed, 27 May 2015 19:02:32 +0200},
  biburl    = {http://dblp.uni-trier.de/rec/bib/conf/soda/KrishnaswamyKNSS11},
  bibsource = {dblp computer science bibliography, http://dblp.org}
}




@inproceedings{SekarKGR10,
  author    = {Vyas Sekar and
               Ravishankar Krishnaswamy and
               Anupam Gupta and
               Michael K. Reiter},
  title     = {Network-wide deployment of intrusion detection and prevention systems},
  booktitle = {Proceedings of the 2010 {ACM} CoNEXT 2010, Philadelphia, PA, USA, November 30 -
               December 03, 2010},
  pages     = {18},
  year      = {2010},
  linkpdf = {pdf},
  crossref  = {DBLP:conf/conext/2010},
  url       = {http://doi.acm.org/10.1145/1921168.1921192},
  doi       = {10.1145/1921168.1921192},
  timestamp = {Tue, 11 Jan 2011 11:21:30 +0100},
  biburl    = {http://dblp.uni-trier.de/rec/bib/conf/conext/SekarKGR10},
  bibsource = {dblp computer science bibliography, http://dblp.org}
}

@inproceedings{GuptaKP10b,
  author    = {Anupam Gupta and
               Ravishankar Krishnaswamy and
               Kirk Pruhs},
  title     = {Nonclairvoyantly scheduling power-heterogeneous processors},
  booktitle = {International Green Computing Conference 2010, Chicago, IL, USA, 15-18
               August 2010},
  pages     = {165--173},
  year      = {2010},
  linkpdf = {pdf},
  crossref  = {DBLP:conf/green/2010},
  url       = {http://dx.doi.org/10.1109/GREENCOMP.2010.5598311},
  doi       = {10.1109/GREENCOMP.2010.5598311},
  timestamp = {Tue, 16 Jun 2015 19:31:30 +0200},
  biburl    = {http://dblp.uni-trier.de/rec/bib/conf/green/GuptaKP10},
  bibsource = {dblp computer science bibliography, http://dblp.org}
}

@inproceedings{GuptaKP10,
  author    = {Anupam Gupta and
               Ravishankar Krishnaswamy and
               Kirk Pruhs},
  title     = {Scalably Scheduling Power-Heterogeneous Processors},
  booktitle = {Automata, Languages and Programming, 37th International Colloquium,
               {ICALP} 2010, Bordeaux, France, July 6-10, 2010, Proceedings, Part
               {I}},
  pages     = {312--323},
  year      = {2010},
  linkpdf = {pdf},
  crossref  = {DBLP:conf/icalp/2010-1},
  url       = {http://dx.doi.org/10.1007/978-3-642-14165-2_27},
  doi       = {10.1007/978-3-642-14165-2_27},
  timestamp = {Wed, 07 Jul 2010 09:19:17 +0200},
  biburl    = {http://dblp.uni-trier.de/rec/bib/conf/icalp/GuptaKP10},
  bibsource = {dblp computer science bibliography, http://dblp.org}
}

@inproceedings{BansalKN10,
  author    = {Nikhil Bansal and
               Ravishankar Krishnaswamy and
               Viswanath Nagarajan},
  title     = {Better Scalable Algorithms for Broadcast Scheduling},
  booktitle = {Automata, Languages and Programming, 37th International Colloquium,
               {ICALP} 2010, Bordeaux, France, July 6-10, 2010, Proceedings, Part
               {I}},
  pages     = {324--335},
  year      = {2010},
  linkpdf = {pdf},
  crossref  = {DBLP:conf/icalp/2010-1},
  url       = {http://dx.doi.org/10.1007/978-3-642-14165-2_28},
  doi       = {10.1007/978-3-642-14165-2_28},
  timestamp = {Wed, 07 Jul 2010 09:19:17 +0200},
  biburl    = {http://dblp.uni-trier.de/rec/bib/conf/icalp/BansalKN10},
  bibsource = {dblp computer science bibliography, http://dblp.org}
}

@inproceedings{GuptaKR10,
  author    = {Anupam Gupta and
               Ravishankar Krishnaswamy and
               R. Ravi},
  title     = {Tree Embeddings for Two-Edge-Connected Network Design},
  booktitle = {Proceedings of the Twenty-First Annual {ACM-SIAM} Symposium on Discrete
               Algorithms, {SODA} 2010, Austin, Texas, USA, January 17-19, 2010},
  pages     = {1521--1538},
  year      = {2010},
  linkpdf = {pdf},
  crossref  = {DBLP:conf/soda/2010},
  url       = {http://dx.doi.org/10.1137/1.9781611973075.124},
  doi       = {10.1137/1.9781611973075.124},
  timestamp = {Mon, 31 Aug 2015 01:00:00 +0200},
  biburl    = {http://dblp.uni-trier.de/rec/bib/conf/soda/GuptaKR10},
  bibsource = {dblp computer science bibliography, http://dblp.org}
}

@inproceedings{BansalGK10,
  author    = {Nikhil Bansal and
               Anupam Gupta and
               Ravishankar Krishnaswamy},
  title     = {A Constant Factor Approximation Algorithm for Generalized Min-Sum
               Set Cover},
  booktitle = {Proceedings of the Twenty-First Annual {ACM-SIAM} Symposium on Discrete
               Algorithms, {SODA} 2010, Austin, Texas, USA, January 17-19, 2010},
  pages     = {1539--1545},
  year      = {2010},
  linkpdf = {pdf},
  crossref  = {DBLP:conf/soda/2010},
  url       = {http://dx.doi.org/10.1137/1.9781611973075.125},
  doi       = {10.1137/1.9781611973075.125},
  timestamp = {Wed, 12 Feb 2014 17:08:16 +0100},
  biburl    = {http://dblp.uni-trier.de/rec/bib/conf/soda/BansalGK10},
  bibsource = {dblp computer science bibliography, http://dblp.org}
}

@inproceedings{GuptaIKMP10,
  author    = {Anupam Gupta and
               Sungjin Im and
               Ravishankar Krishnaswamy and
               Benjamin Moseley and
               Kirk Pruhs},
  title     = {Scheduling jobs with varying parallelizability to reduce variance},
  booktitle = {{SPAA} 2010: Proceedings of the 22nd Annual {ACM} Symposium on Parallelism
               in Algorithms and Architectures, Thira, Santorini, Greece, June 13-15,
               2010},
  pages     = {11--20},
  linkpdf = {pdf},
  year      = {2010},
  crossref  = {DBLP:conf/spaa/2010},
  url       = {http://doi.acm.org/10.1145/1810479.1810482},
  doi       = {10.1145/1810479.1810482},
  timestamp = {Thu, 23 Jun 2011 21:55:19 +0200},
  biburl    = {http://dblp.uni-trier.de/rec/bib/conf/spaa/GuptaIKMP10},
  bibsource = {dblp computer science bibliography, http://dblp.org},
  linkpdf = {pdf}
}


@inproceedings{GuptaKKS09,
  author    = {Anupam Gupta and
               Ravishankar Krishnaswamy and
               Amit Kumar and
               Danny Segev},
  title     = {Scheduling with Outliers},
  booktitle = {12th International Workshop, {APPROX} 2009, and 13th
               International Workshop, {RANDOM} 2009, Berkeley, CA, USA, August 21-23,
               2009. Proceedings},
  pages     = {149--162},
  year      = {2009},
  crossref  = {DBLP:conf/approx/2009},
  url       = {http://dx.doi.org/10.1007/978-3-642-03685-9_12},
  doi       = {10.1007/978-3-642-03685-9_12},
  timestamp = {Fri, 14 Feb 2014 00:00:00 +0100},
  biburl    = {http://dblp.uni-trier.de/rec/bib/conf/approx/GuptaKKS09},
  bibsource = {dblp computer science bibliography, http://dblp.org},
  linkpdf = {pdf}
}

@inproceedings{GuptaKR09,
  author    = {Anupam Gupta and
               Ravishankar Krishnaswamy and
               R. Ravi},
  title     = {Online and stochastic survivable network design},
  booktitle = {Proceedings of the 41st Annual {ACM} Symposium on Theory of Computing,
               {STOC} 2009, Bethesda, MD, USA, May 31 - June 2, 2009},
  pages     = {685--694},
  year      = {2009},
  crossref  = {DBLP:conf/stoc/2009},
  url       = {http://doi.acm.org/10.1145/1536414.1536507},
  doi       = {10.1145/1536414.1536507},
  timestamp = {Mon, 31 Aug 2015 01:00:00 +0200},
  biburl    = {http://dblp.uni-trier.de/rec/bib/conf/stoc/GuptaKR09},
  bibsource = {dblp computer science bibliography, http://dblp.org},
  linkpdf = {pdf}
}
